@article{liu2021pre,
  title={Pre-trained Language Model for Web-scale Retrieval in Baidu Search},
  author={Liu, Yiding and Lu, Weixue and Cheng, Suqi and Shi, Daiting and Wang, Shuaiqiang and Cheng, Zhicong and Yin, Dawei},
  journal={arXiv preprint arXiv:2106.03373},
  year={2021}
}