@inproceedings{lin2017focal,
  title={Focal loss for dense object detection},
  author={Lin, Tsung-Yi and Goyal, Priya and Girshick, Ross and He, Kaiming and Doll{\'a}r, Piotr},
  booktitle={Proceedings of the IEEE international conference on computer vision},
  pages={2980--2988},
  year={2017}
}
@inproceedings{hu2018web,
  title={Web-scale responsive visual search at bing},
  author={Hu, Houdong and Wang, Yan and Yang, Linjun and Komlev, Pavel and Huang, Li and Chen, Xi and Huang, Jiapei and Wu, Ye and Merchant, Meenaz and Sacheti, Arun},
  booktitle={Proceedings of the 24th ACM SIGKDD international conference on knowledge discovery \& data mining},
  pages={359--367},
  year={2018}
}
@inproceedings{zhang2018visual,
  title={Visual search at alibaba},
  author={Zhang, Yanhao and Pan, Pan and Zheng, Yun and Zhao, Kang and Zhang, Yingya and Ren, Xiaofeng and Jin, Rong},
  booktitle={Proceedings of the 24th ACM SIGKDD International Conference on Knowledge Discovery \& Data Mining},
  pages={993--1001},
  year={2018}
}